% Encoding: UTF-8
%%% Tem no artigo e por hora nao tem na tese %%%
@article{bruneau20062d,
  title={The 2D lid-driven cavity problem revisited},
  author={Bruneau, Charles-Henri and Saad, Mazen},
  journal={Computers \& fluids},
  volume={35},
  number={3},
  pages={326--348},
  year={2006},
  publisher={Elsevier},
  url={https://x.gd/zfHMWT}
}
@misc{roache72,
  author={Roache, P. J.},  
  title={Computational Fluid Dynamics-New Mexico: Hermosa},
  year={1972},
  publisher={Hermosa Publishers}
}
@manual{Mathematica,
  title = {Mathematica, Version 12.0},
  author = {{Wolfram Research, Inc.}},
  organization = {Wolfram Research, Inc.},
  address = {Champaign, IL},
  year = {2019},
  note = {Software},
  url = {https://www.wolfram.com/mathematica/}
}
@book{thomas1949,
  title={Elliptic problems in linear differential equations over a network: Watson scientific computing laboratory},
  author={Thomas, Llewellyn},
  publisher={Watson Sci. Comput. Lab Report, Columbia University, New York},
  journal={Columbia Univ., NY},
  volume={6},
  year={1949}
}
@article{Schnakenberg1979,
  author = {J. Schnakenberg},
  title = {Simple Chemical Reaction Systems with Limit Cycle Behaviour},
  journal = {Journal of Theoretical Biology},
  year = {1979},
  volume = {81},
  number = {3},
  pages = {389--400},
  doi = {https://doi.org/10.1016/0022-5193(79)90042-0},
  url = {https://x.gd/WmWiT}
}
@article{Gray1984,
  author = {P. Gray and S. K. Scott},
  title = {Autocatalytic Reactions in the Isothermal, Continuous Stirred Tank Reactor: Isolas and Other Forms of Multistability},
  journal = {Chemical Engineering Science},
  year = {1984},
  volume = {39},
  number = {6},
  pages = {1087--1097},
  doi = {https://doi.org/10.1016/0009-2509(83)80132-8},
  url = {https://x.gd/w0dHp}
}
@article{Gierer1972,
  author = {A. Gierer and H. Meinhardt},
  title = {A Theory of Biological Pattern Formation},
  journal = {Kybernetik},
  year = {1972},
  volume = {12},
  number = {1},
  pages = {30--39},
  doi = {https://doi.org/10.1007/BF00289234},
  url = {https://x.gd/HHJCF}
}
@article{Allen1972,
  author = {S. M. Allen and J. W. Cahn},
  title = {Ground State Structures in Ordered Binary Alloys with Second Neighbor Interactions},
  journal = {Acta Metallurgica},
  year = {1972},
  volume = {20},
  number = {3},
  pages = {423--433},
  doi = {https://doi.org/10.1016/0001-6160(72)90037-5},
  url = {https://x.gd/WeAT9}
}
@article{Freno2021,
  title = {Manufactured Solutions for the Method-of-Moments Implementation of the Electric-Field Integral Equation},
  author = {Freno, B.A. and Matula, N.R. and Johnson, W.A.},
  journal = {Journal of Computational Physics},
  volume = {443},
  pages = {110538},
  year = {2021},
  doi = {https://doi.org/10.1016/j.jcp.2021.110538},
  url = {https://x.gd/IVZUg}
}
@article{Muralha2020,
  title = {Code Verification of a Pressure-Based Solver for Subsonic Compressible Flows},
  author = {Muralha, J. and E{\c c}a, L. and Klaij, C.M.},
  journal = {Journal of Verification, Validation and Uncertainty Quantification},
  volume = {5},
  pages = {041001},
  year = {2020},
  doi = {https://doi.org/10.1115/1.4048750},
  url = {https://x.gd/SkHq0}
}
@article{Habla2016,
  title = {Development and Validation of a Model for the Temperature Distribution in the Extrusion Calibration Stage},
  author = {Habla, F. and Fernandes, C. and Maier, M. and Densky, L. and Ferr{\' a}s, L.L. and Rajkumar, A. and Carneiro, O.S. and Hinrichsen, O. and N{\' o}brega, J.M.},
  journal = {Applied Thermal Engineering},
  volume = {100},
  pages = {538--552},
  year = {2016},
  doi = {https://doi.org/10.1016/j.applthermaleng.2016.01.166},
  url = {https://x.gd/ES8Oz}
}
%%%%%%%%%%%%%%%%%%%%%%%%%%%%%%%%%%%%%%%%%%%%%%%%
%%% Usadas na tese %%%%%%%%%%%%%%%%%%%%%%%%%%%%%
%%%%%%%%%%%%%%%%%%%%%%%%%%%%%%%%%%%%%%%%%%%%%%%%
@article{ZHANG2019634,
    title = {A High-Order and Interface-Preserving Discontinuous {G}alerkin Method for Level-Set Reinitialization},
    journal = {Journal of Computational Physics},
    volume = {378},
    pages = {634--664},
    year = {2019},
    doi = {https://doi.org/10.1016/j.jcp.2018.11.029},
    author = {Jiaqi Zhang and Pengtao Yue},
    url = {https://x.gd/TF0pr}
}
@article{White63,
    title = {Development of constitutive equations for polymeric melts and solutions},
    author = {White, J. L. and Metzner, A. B.},
    journal = {Journal of Applied Polymer Science},
    year = {1963},
    volume = {7},
    number={5},
    pages = {1867--1889},
    publisher = {Wiley Online Library},
    doi = { https://doi.org/10.1002/app.1963.070070524},
    url = {https://x.gd/UkHT2}
}
@article{Tseng2021,
  title={A Constitutive Analysis of Stress Overshoot for Polymer Melts Under Startup Shear Flow},
  author={Tseng, H.-C.},
  journal={Physics of Fluids},
  volume={33},
  pages={051706},
  year={2021},
  doi={https://doi.org/10.1063/5.0054379},
  url={https://x.gd/jdHT3}
}
@article{Tranquilli2022,
  title={A Deterministic Verification Strategy for Electrostatic Particle-in-Cell Algorithms in Arbitrary Spatial Dimensions Using the Method of Manufactured Solutions},
  author={Tranquilli, P. and Ricketson, L. and Chac{\' o}n, L.},
  journal={Journal of Computational Physics},
  volume={448},
  pages={110751},
  year={2022},
  doi={https://doi.org/10.1016/j.jcp.2021.110751},
  url={https://x.gd/5yGtH}
}
@article{Tomio2020,
  title={A Numerical Methodology for Simulation of Non-Newtonian Viscoelastic Flows},
  author={Tomio, J.C. and Martins, M.M. and Vaz Jr., M. and Zdanski, P.S.B.},
  journal={Numerical Heat Transfer, Part B: Fundamentals},
  volume={78},
  pages={439--453},
  year={2020},
  doi={10.1080/10407790.2020.1787051},
  url={https://x.gd/d1jP4}
}
@BOOK{tanner1988,
  title={Engineering rheology},
  author={Tanner, Roger I},
  volume={52},
  year={2000},
  publisher={OUP Oxford}
}
@article{Stevenson71,
  author = {J. F. Stevenson and R. B. Bird},
  title = {Elongational viscosity of nonlinear elastic dumbbell suspensions},
  journal = {Transactions of the Society of Rheology},
  year = {1971},
  volume = {15},
  pages = {135-145},
  doi = {https://doi.org/10.1122/1.549232},
  url = {https://x.gd/E0j8t}
}
@phdthesis{souza2003,
    title={Instabilidade Centr{\'\i}fuga e Transi{\c{c}}{\~a}o para Turbul{\^e}ncia em Escoamentos Laminares Sobre Superf{\'\i}cies C{\^o}ncavas},
    author={de Souza, Leandro Franco},
    year={2003},
    school={Instituto Tecnol{\'o}gico de Aeron{\'a}utica},
    address={S{\~a}o Jos{\'e} dos Campos, Brazil},
    type = {PhD thesis},
    url={https://x.gd/bqJB5}
}
@article{Souza2005,
    author = {Souza, L. F. and Mendon{\c c}a, M. T. and Medeiros, M. A. F.},
    title = {The Advantages of Using High-Order Finite Differences Schemes in Laminar–Turbulent Transition Studies},
    journal = {International Journal for Numerical Methods in Fluids},
    volume = {48},
    number = {5},
    pages = {565--582},
    doi = {https://doi.org/10.1002/fld.955},
    year = {2005},
    url = {https://x.gd/AA3Xh}
}
@article{Silva2010,
    author = {Silva, H. G. and Souza, L. F. and Medeiros, M. A. F.},
    title = {Verification of a mixed high-order accurate {DNS} code for laminar turbulent transition by the method of manufactured solutions},
    journal = {International Journal for Numerical Methods in Fluids},
    volume = {64},
    number = {3},
    pages = {336--354},
    year = {2010},
    doi = {https://doi.org/10.1002/fld.2156},
    url = {https://x.gd/XaELN}
}
@article{Shankar2000,
  title={Fluid Mechanics in the Driven Cavity},
  author={Shankar, P.N. and Deshpande, M.D.},
  journal={Annual Review of Fluid Mechanics},
  volume={32},
  pages={93--136},
  year={2000},
  doi={10.1146/annurev.fluid.32.1.93},
  url={https://x.gd/NKLqF}
}
@article{Roy2004,
    author = {Roy, C. J. and Nelson, C. C. and Smith, T. M. and Ober, C. C.},
    title = {Verification of Euler/Navier–Stokes Codes Using the Method of Manufactured Solutions},
    journal = {International Journal for Numerical Methods in Fluids},
    volume = {44},
    number = {6},
    pages = {599--620},
    year = {2004},
    doi = {https://doi.org/10.1002/fld.660},
    url = {https://x.gd/k6MIR}
}
@article{Roy2001,
  title = {Grid Convergence Error Analysis for Mixed-Order numerical Schemes},
  author = {Roy, C. J.},
  journal = {American Institute of Aeronautics \& Astronautics Journal},
  volume = {41},
  pages = {595--604},
  year = {2001},
  doi = {https://doi.org/10.2514/2.2013},
  url = {https://x.gd/79E0z}
}
@phdthesis{rogenski2011desenvolvimento,
  title = {Desenvolvimento e otimiza{\c{c}}{\~a}o de um c{\'o}digo paralelizado para simula{\c{c}}{\~a}o de escoamentos incompress{\'\i}veis},
  author = {Rogenski, Josuel Kruppa},
  year = {2011},
  school = {Universidade de S{\~a}o Paulo},
  url = {https://x.gd/G9VvA}
}
@article{roacheartigo,
  author = {Roache, Patrick J},
  title = {Verification of codes and calculations},
  journal = {AIAA Journal},
  year = {2012},
  volume = {36},
  number = {2},
  pages = {696--702},
  doi = {https://doi.org/10.2514/2.457},
  url = {https://x.gd/YJTWh}
}
@article{Roache2002,
  title={Code Verification by the Method of Manufactured Solutions},
  author={Roache, P. J.},
  journal={Journal of Fluids Engineering},
  volume={124},
  pages={4--10},
  year={2002},
  doi={https://doi.org/10.1115/1.1436090},
  url={https://x.gd/Q6z8a}
}
@article{RAJAGOPALAN1990,
    title = {Finite element methdos for calculation of steady, viscoelastic flow using constitutive equations with a Newtonian viscosity},
    author = {Dilip Rajagopalan and Robert C. Armstrong and Robert A. Brown},
    journal = {Journal of Non-Newtonian Fluid Mechanics},
    volume = {36},
    pages = {159-192},
    year = {1990},
    issn = {0377-0257},
    doi = {https://doi.org/10.1016/0377-0257(90)85008-M},
    url = {https://x.gd/uO4aN}
}
@article{pinho2000axial,
    title = {Axial annular flow of a nonlinear viscoelastic fluid — an analytical solution},
    author={Pinho, Fernando T and Oliveira, Paulo J},
    journal={Journal of non-newtonian fluid mechanics},
    volume={93},
    number={2-3},
    pages={325--337},
    issn = {0377-0257},    
    year={2000},
    publisher={Elsevier},
    doi = {https://doi.org/10.1016/S0377-0257(00)00113-0},
    url = {https://x.gd/iJK0V}
}
@article{pinho2003,
  author = {F. T. Pinho and M. A. Alves and P. J. Oliveira},
  title = {Benchmark solutions for the flow of {O}ldroyd-{B} and {PTT} fluids in planar contractions},
  journal = {Journal of Non-Newtonian Fluid Mechanics},
  year = {2003},
  volume = {10},
  pages = {45--75},
  doi = {https://doi.org/10.1016/S0377-0257(02)00191-X},
  url = {https://x.gd/pt98v}
}
@article{Pimenta2019,
  title={A Coupled Finite-Volume Solver for Numerical Simulation of Electrically-Driven Flows},
  author={Pimenta, F. and Alves, M.A.},
  journal={Computers \& Fluids},
  volume={193},
  pages={104279},
  year={2019},
  doi={https://doi.org/10.1016/j.compfluid.2019.104279},
  url={https://x.gd/0HDjU}
}
@article{phillips2002,
  author={Phillips, Timothy Nigel and Williams, AJ},
  title = {Comparison of creeping and inertial flow of an {O}ldroyd-{B} fluid through a planar and axisymmetric contraction},
  journal = {Journal of Non-Newtonian Fluid Mechanics},
  year = {2002},
  volume = {108},
  number={1-3},
  pages = {25--47},
  publisher={Elsevier},
  doi = {https://doi.org/10.1016/S0377-0257(02)00123-4},
  url = {https://encr.pw/QN4wY}
}
@article{oberkampftech,
  author = {William L. Oberkampf and Timothy G. Trucano},
  title = {Verification and Validation in Computational Fluid Dynamics},
  journal = {Progress in Aerospace Sciences},
  organization = {Sandia National Laboratories},  
  year = {2002},
  volume = {38},
  address = {Albuquerque, NM, USA},
  pages = {209--272},
  doi = {https://doi.org/10.1016/S0376-0421(02)00005-2},
  url = {https://encr.pw/ALSEt}
}
@article{phan-thien77,
  author = {N. Phan-Thien and R. I. Tanner},
  title = {A new constitutive equation derived from network theory},
  journal = {Journal of Non-Newtonian Fluid Mechanics},
  year = {1977},
  volume = {2},
  pages = {353--365},
  number = {4},
  publisher = {Elsevier},
  doi = {https://doi.org/10.1016/0377-0257(77)80021-9},
  url = {https://encr.pw/2UCYB}
}
@article{Pedro2020,
  title={Verification and Validation of openInjMoldSim, an Open-Source Solver to Model the Filling Stage of Thermoplastic Injection Molding},
  author={Pedro, J. and Ram{\^ o}a, B. and N{\' o}brega, J.M. and Fernandes, C.},
  journal={Fluids},
  volume={5},
  pages={84},
  year={2020},
  doi={https://doi.org/10.3390/fluids5020084},
  url={https://encr.pw/6E6sV}
}
@article{mompean97,
  author = {G. Mompean and M. Deville},
  title = {Unsteady finite volume of {O}ldroyd-{B} fluid through a three-dimensional planar contraction},
  journal = {Journal of Non-Newtonian Fluid Mechanics},
  year = {1997},
  volume = {72},
  pages = {253--279},
  doi = {https://doi.org/10.1016/S0377-0257(97)00033-5},
  url = {https://encr.pw/nUP49}
}
@article{luo88,
  author = {X. L. Luo and R. I. Tanner},
  title = {Finite element simulation of long and short circular die extrusion experiments using integral models},
  journal = {International Journal for Numerical Methods in Engineering},
  year = {1988},
  volume = {25},
  pages = {9--22},
  doi = { https://doi.org/10.1002/nme.1620250104},
  url = {https://l1nq.com/nANPt}
}
@book{leveque2007finite,
  title={Finite Difference Methods for Ordinary and Partial Differential Equations: Steady-State and Time-Dependent Problems},
  author={LeVeque, Randall J},
  year={2007},
  publisher={SIAM},
  url={https://l1nq.com/uOLG8}
}
@article{Leonov76,
    author = {Leonov, A. I.},
    title = {Nonequilibrium thermodynamics and rheology of viscoelastic polymer media},
    journal = {Rheologica Acta},
    year = {1976},
    volume = {15},
    pages = {85--98},
    doi = {https://doi.org/10.1007/BF01517499},
    url = {https://l1nq.com/2jXr6}
}
@article{lele1992compact,
  title={Compact Finite Difference Schemes with Spectral-Like Resolution},
  author={Lele, Sanjiva K},
  journal={Journal of Computational Physics},
  volume={103},
  number={1},
  pages={16--42},
  year={1992},
  publisher={Elsevier},
  doi={10.1016/0021-9991(92)90324-R},
  url={https://encr.pw/bawtd}
}
@Book{Larson88,
    title = "Constitutive equations for polymer melts and solutions",
    publisher = "Butterworths",
    year = "1988",
    author = "Larson, R. G.",
    isbn = {9780409902334}
}
@article{Khoshghalb2019,
  title={Code Verification in Computational Geomechanics: Method of Manufactured Solutions ({MMS})},
  author={Khoshghalb, A. and Ghaffaripour, O. and Zamani, K. and Tootoonchi, A.},
  journal={Computers and Geotechnics},
  volume={116},
  pages={103178},
  year={2019},
  publisher={Elsevier},
  doi={10.1016/j.compgeo.2019.103178},
  url={https://l1nq.com/0PTRw}
}
@Book{Kaye62,
    title = {Non-Newtonian flow in incompressible fluids},
    author = {Kaye, A},
    publisher={College of Aeronautics Cranfield},
    journal = {College of Aeronautics Note 134 \& 149},
    year = {1962}
}
@article{Warner72,
  author = {H. R. Warner Jr.},
  title = {Kinetic theory and rheology of dilute suspensions of finitely extendible dumbbells},
  journal = {Industrial \& Engineering Chemistry Fundamentals},
  year = {1972},
  volume = {11},
  pages = {379-387},
  doi = {https://doi.org/10.1021/i160043a015},
  publisher={ACS Publications},
  url = {https://l1nq.com/EVFPU}
}
@article{giesekus1985,
    title = {Constitutive equations for polymer fluids based on the concept of configuration-dependent molecular mobility: a generalized mean-configuration model},
    author = {H. Giesekus},
    journal = {Journal of Non-Newtonian Fluid Mechanics},
    volume = {17},
    number = {3},
    pages = {349-372},
    year = {1985},
    issn = {0377-0257},
    publisher={Elsevier},
    doi = {https://doi.org/10.1016/0377-0257(85)80026-4},
    url = {https://l1nq.com/VQbwq}
}
@article{giesekus1982,
    title={A simple constitutive equation for polymer fluids based on the concept of deformation-dependent tensorial mobility},
    author={Giesekus, Hanswalter},
    journal={Journal of Non-Newtonian Fluid Mechanics},
    volume={11},
    number={1-2},
    pages={69--109},
    year={1982},
    publisher={Elsevier},
    url={https://l1nq.com/5RDGl}
}
@article{giesekus1962,
  title={Elasto-viskose Fl{\"u}ssigkeiten, f{\"u}r die in station{\"a}ren Schichtstr{\"o}mungen s{\"a}mtliche Normalspannungskomponenten verschieden gro{\ss} sind},
  author={Giesekus, Hanswalter},
  journal = {Rheologica Acta},
  year = {1962},
  volume = {2},
  pages = {50--62},
  publisher={Springer},
  url = {https://l1nq.com/qopu7}
}
@article{Garcia2022,
  title={Verification and Validation for Microfluidic {CFD} Simulations of {N}ewtonian and Non-{N}ewtonian Flows},
  author={García, B.F. and Mousaviraad, M. and Saraji, S.},
  journal={Applied Mathematical Modelling},
  volume={107},
  pages={557--573},
  year={2022},
  doi={10.1016/j.apm.2022.02.019},
  url={https://l1nq.com/ddm1d}
}
@phdthesis{furlan2022linear,
  title={Linear Stability Theory Applied to Three-Dimensional Viscoelastic Fluid Flows},
  author={Furlan, Laison Junio da Silva},
  year={2022},
  school={Universidade de S{\~a}o Paulo}
}
@book{ferziger2002computational,
  title={Computational Methods for Fluid Dynamics},
  author={Ferziger, J. H. and Peri{\'c}, M. and Street, R. L.},
  volume={3},
  year={2002},
  publisher={Springer}
}
@article{Fernandes2019,
  title={A Coupled Finite Volume Flow Solver for the Solution of Incompressible Viscoelastic Flows},
  author={Fernandes, Celio and Vuk{\v{c}}evi{\'c}, Vuko and Uroi{\'c}, Tessa and Simoes, Ricardo and Carneiro, OS and Jasak, H and N{\'o}brega, JM},
  journal={Journal of Non-Newtonian Fluid Mechanics},
  volume={265},
  pages={99--115},
  year={2019},
  doi={10.1016/j.jnnfm.2019.01.006},
  url={https://x.gd/ITygd}
}
@article{Fernandes2018,
  title={Validation of the {CFD-DPM} Solver {DPMF}oam in {OpenFOAM} Through Analytical, Numerical and Experimental Comparisons},
  author={Fernandes, C. and Semyonov, D. and Ferr{\' a}s, L.L. and N{\' o}brega, J.M.},
  journal={Granular Matter},
  volume={20},
  pages={64},
  year={2018},
  doi={10.1007/s10035-018-0834-x},
  url={https://x.gd/ndcUw}
}
@article{Fernandes2017,
  title={Improved Both Sides Diffusion {(iBSD)}: {A} New and Straightforward Stabilization Approach for Viscoelastic Fluid Flows},
  author={Fernandes, C. and Araujo, M.S.B. and Ferr{\' a}s, L.L. and N{\' o}brega, J.M.},
  journal={Journal of Non-Newtonian Fluid Mechanics},
  volume={249},
  pages={63--78},
  year={2017},
  doi={10.1016/j.jnnfm.2017.09.008},
  url={https://x.gd/t4uZr}
}
@article{Fernandes2022,
  title={A Fully Implicit Log-Conformation Tensor Coupled Algorithm for the Solution of Incompressible Non-Isothermal Viscoelastic Flows},
  author={Fernandes, C.},
  journal={Polymers},
  volume={14},
  pages={4099},
  year={2022},
  doi={10.3390/polym14194099},
  url={https://l1nq.com/ufvwb}
}
@article{Fadel2011,
    author = {Fadel, H. and Agouzoul, M. and Jimack, P. K.},
    title = {High-Order Finite Difference Schemes for Incompressible Flows},
    journal = {International Journal for Numerical Methods in Fluids},
    volume = {65},
    number = {9},
    pages = {1050--1070},
    doi = {https://doi.org/10.1002/fld.2228},
    year = {2011},
    url = {https://encr.pw/Bbokx}
}
@article{Cueto2006,
    author = {Cueto-Felgueroso, L. and Colominas, I. and Fe, J. and Navarrina, F. and Casteleiro, M.},
    title = {High-Order Finite Volume Schemes on Unstructured Grids Using Moving Least-Squares Reconstruction: {A}pplication to Shallow Water Dynamics},
    journal = {International Journal for Numerical Methods in Engineering},
    volume = {65},
    number = {3},
    pages = {295--331},
    doi = {https://doi.org/10.1002/nme.1442},
    year = {2006},
    url = {https://encr.pw/3WKml}
}
@book{AIAA2002,
  title = {Guide: Guide for the Verification and Validation of Computational Fluid Dynamics Simulations},
  author = {Computational Fluid Dynamics Committee},
  publisher = {AIAA},
  year = {2002}
}
@article{christiansen77,
  author = {R. L. Christiansen and R. B. Bird},
  title = {Dilute solution rheology: experimental results and finitely extensible nonlinear elastic dumbbell theory},
  journal = {Journal of Non-Newtonian Fluid Mechanics},
  year = {1977},
  number={2},
  volume = {3},
  pages = {161-177},
  publisher={Elsevier},
  doi = {https://doi.org/10.1016/0377-0257(77)80047-5},
  url = {https://l1nq.com/hiU36}
}
@article{brasseur1998time,
  title={The time-dependent extrudate-swell problem of an Oldroyd-B fluid with slip along the wall},
  author={Brasseur, Eric and Fyrillas, Marios M and Georgiou, Georgios C and Crochet, Marcel J},
  journal={Journal of Rheology},
  volume={42},
  number={3},
  pages={549--566},
  year={1998},
  publisher={The Society of Rheology},
  url = {https://l1nq.com/EAWkj}
}
@article{brandt1977multi,
  title = {Multi-level adaptive solutions to boundary-value problems},
  author = {Brandt, Achi},
  journal = {Mathematics of Computation},
  volume = {31},
  number = {138},
  pages = {333--390},
  year = {1977},
  url = {https://l1nq.com/gWSQ7}
}
@article{Bird80,
    author = {Bird, R. B. and Dotson, P. J. and Johnson, N. L.},
    title = {Polymer solution rheology based on a finitely extensible bead-spring chain model},
    journal = {Journal of Non-Newtonian Fluid Mechanics},
    year = {1980},
    volume = {7},
    pages = {213--235},
    doi = {https://doi.org/10.1016/0377-0257(80)85007-5},
    url = {https://encr.pw/bKzC1}
}
@article{Bird83,
  author = {R. B. Bird and J. R. Deaguiar},
  title = {An encapsulated dumbbell model for concentrated polymer solutions and melts I. theoretical development and constitutive equation},
  journal = {Journal of Non-Newtonian Fluid Mechanics},
  year = {1983},
  volume = {13},
  pages = {149-360},
  doi = {https://doi.org/10.1016/0377-0257(83)80013-2},
  url = {https://encr.pw/RGKSx}
}
@book{bird_v1_1987,
    title={Dynamics of Polymeric Liquids},
    author={Bird, R. B. and Curtiss, C. F. and Armstrong, R. C. and Hassager, O.},
    series={Dynamics of Polymeric Liquids},
    volume={1},
    year={1987},
    publisher={Wiley}
}
@article{beris1987spectral,
  title={Spectral/Finite-Element Calculations of the Flow of a Maxwell Fluid Between Eccentric Rotating Cylinders},
  author={Beris, A.N. and Armstrong, R.C. and Brown, R.A.},
  journal={Journal of Non-Newtonian Fluid Mechanics},
  volume={22},
  number={2},
  pages={129--167},
  year={1987},
  publisher={Elsevier},
  url = {https://l1nq.com/XVK6N}
}
@article{beris87,
  author = {A. Beris and R. Armostrong and R. Brown},
  title = {Spectral Finite-Element Calculations of the Flow of a {M}axwell fluid between excetric rotating cylinders},
  journal = {Journal of Non-Newtonian Fluid Mechanics},
  year = {1987},
  volume = {22},
  pages = {129--167},
  doi = {https://doi.org/10.1016/0377-0257(87)87009-4},
  url = {https://l1nq.com/0po5B}
}
@article{ALMUSHAIRA2021235,
    title = {Fast High-Order Method for Multi-Dimensional Space-Fractional Reaction–Diffusion Equations with General Boundary Conditions},
    journal = {Mathematics and Computers in Simulation},
    volume = {182},
    pages = {235--258},
    year = {2021},
    doi = {https://doi.org/10.1016/j.matcom.2020.11.001},
    author = {M. Almushaira and H. Bhatt and A.M. Al-rassas},
    url = {https://l1nq.com/m2GMN}
}
@article{Abuga2020,
  title={Benchmark Solutions of the Stabilized Computations of Flows of Fluids Governed by the {R}olie-{P}oly Constitutive Model},
  author={Abuga, J.G. and Chinyoka, T.},
  journal={Journal of Physics Communications},
  volume={4},
  pages={015024},
  year={2020},
  doi={10.1088/2399-6528/ab6ed2},
  url={https://l1nq.com/i1mzZ}
}
%%%%%%%%%%%%%%%%%%%%%%%%%%%%%%%%%%%%%%%%%%%%%%%%%%%%%%%%%%%%%%%%%%%%%%%%%%%%%%%%%%%%
%%%%%%%%%%%%%%%%%%%%%%%%%%%%%%%%%%%%%%%%%%%%%%%%%%%%%%%%%%%%%%%%%%%%%%%%%%%%%%%%%%%%
%%%%%%%%%%%%%%%%%%%%%%%%%%%%%%%%%%%%%%%%%%%%%%%%%%%%%%%%%%%%%%%%%%%%%%%%%%%%%%%%%%%%
%%%%%%%%%%%%%%%%%%%%%%%%%%%%%%%%%%%%%%%%%%%%%%%%%%%%%%%%%%%%%%%%%%%%%%%%%%%%%%%%%%%%
%%%%%%%%%%%%%%%%%%%%%%%%%%%%%%%%%%%%%%%%%%%%%%%%%%%%%%%%%%%%%%%%%%%%%%%%%%%%%%%%%%%%
%%%%%%%%%%%%%%%%%%%%%%%%%%%%%%%%%%%%%%%%%%%%%%%%%%%%%%%%%%%%%%%%%%%%%%%%%%%%%%%%%%%%
%%%%%%%%%%%%%%%%%%%%%%%%%%%%%%%%%%%%%%%%%%%%%%%%%%%%%%%%%%%%%%%%%%%%%%%%%%%%%%%%%%%%
%%%%%%%%%%%%%%%%%%%%%%%%%%%%%%%%%%%%%%%%%%%%%%%%%%%%%%%%%%%%%%%%%%%%%%%%%%%%%%%%%%%%
%%%%%%%%%%%%%%%%%%%%%%%%%%%%%%%%%%%%%%%%%%%%%%%%%%%%%%%%%%%%%%%%%%%%%%%%%%%%%%%%%%%%
%%%%%%%%%%%%%%%%%%%%%%%%%%%%%%%%%%%%%%%%%%%%%%%%%%%%%%%%%%%%%%%%%%%%%%%%%%%%%%%%%%%%
%%%%%%%%%% Falta conferir links

@article{bissoto2006substituiccao,
  title={Substitui{\c{c}}{\~a}o de materiais polim{\'e}ricos atrav{\'e}s de seletores de materiais e fornecedores: um estudo de caso na ind{\'u}stria automobil{\'\i}stica},
  author={Bissoto, Isaias and Sydenstricker, Thais H},
  journal={Pol{\'\i}meros},
  volume={16},
  pages={217--233},
  year={2006},
  publisher={SciELO Brasil},
  url={https://www.scielo.br/j/po/a/ZPdZ7DMVHJgShK6KjhjLBkM/?lang=pt}
}

@article{shih1989effects,
  title={Effects of Grid Staggering on Numerical Schemes},
  author={Shih, T.M. and Tan, C.H. and Hwang, B.C.},
  journal={International Journal for Numerical Methods in Fluids},
  volume={9},
  number={2},
  pages={193--212},
  year={1989},
  doi={10.1002/fld.1650090206},
  url={https://onlinelibrary.wiley.com/doi/abs/10.1002/fld.1650090206}
}

@article{BRUS2019860,
    title = {High-Order Discontinuous {G}alerkin Methods for Coastal Hydrodynamics Applications},
    journal = {Computer Methods in Applied Mechanics and Engineering},
    volume = {355},
    pages = {860--899},
    year = {2019},
    doi = {https://doi.org/10.1016/j.cma.2019.07.003},
    author = {S.R. Brus and D. Wirasaet and E.J. Kubatko and J.J. Westerink and C. Dawson},
    url = {https://www.sciencedirect.com/science/article/pii/S0045782519303943}
}

@article{souza05a,
  author = {L. F. Souza and M. T. Mendon{\c c}a and M. A. F. Medeiros},
  title = {The advantages of using high-order finite differences schemes in laminar-turbulent transition studies},
  journal = {International Journal for Numerical Methods in Fluids},
  year = {2005},
  volume = {48},
  pages = {565--592},
  doi = {https://doi.org/10.1002/fld.856},
  url = {https://doi.org/10.1002/fld.856}
}


@article{mompean1997unsteady,
  title={Unsteady finite volume simulation of Oldroyd-B fluid through a three-dimensional planar contraction},
  author={Mompean, Gilmar and Deville, Michel},
  journal={Journal of Non-Newtonian Fluid Mechanics},
  volume={72},
  number={2-3},
  pages={253--279},
  year={1997},
  publisher={Elsevier}
}

@article{hayat2001,
    title = {Some simple flows of an Oldroyd-B fluid},
    journal = {International Journal of Engineering Science},
    volume = {39},
    number = {2},
    pages = {135-147},
    year = {2001},
    issn = {0020-7225},
    doi = {https://doi.org/10.1016/S0020-7225(00)00026-4},
    url = {https://www.sciencedirect.com/science/article/pii/S0020722500000264},
    author = {T Hayat and Masood Khan and M Ayub},
    keywords = {Oldroyd-B fluid, Velocity profile, Unsteady Couette flow, Unsteady Poiseuille flow, Laplace transform}
}

@article{oliveira2002,
    title = {An exact solution for tube and slit flow of a FENE-P fluid},
    journal = {Acta Mechanica},
    volume = {158},
    pages = {157-167},
    year = {0000},
    author = {Oliveira, P. J.},
    issn = {1619-6937},
    doi = {https://doi.org/10.1007/BF01176906}
}

@article{Sanchez2022,
    title = {Understanding viscoelastic flow instabilities: {O}ldroyd-{B} and beyond},
    journal = {Journal of Non-Newtonian Fluid Mechanics},
    author = {Hugo A. {Castillo S{\' a}nchez} and Mihailo R. Jovanovi{\' c} and Satish Kumar and Alexander Morozov and V. Shankar and Ganesh Subramanian and Helen J. Wilson},
    volume = {302},
    pages = {104742},
    year = {2022},
    issn = {0377-0257},
    doi = {https://doi.org/10.1016/j.jnnfm.2022.104742},
    url = {https://www.sciencedirect.com/science/article/pii/S0377025722000015},
}



@article{paulo2014,
    title = {Numerical solution of the FENE-CR model in complex flows},
    journal = {Journal of Non-Newtonian Fluid Mechanics},
    volume = {204},
    pages = {50-61},
    year = {2014},
    issn = {0377-0257},
    doi = {https://doi.org/10.1016/j.jnnfm.2013.11.003},
    url = {https://www.sciencedirect.com/science/article/pii/S0377025713002048},
    author = {G.S. Paulo and C.M. Oishi and M.F. Tomé and M.A. Alves and F.T. Pinho},
    keywords = {FENE-CR model, Channel flow, Cross-slot geometry, Impacting drop, Free surface flows},
}

@article{cruz2005,
    title = {Analytical solutions for fully developed laminar flow of some viscoelastic liquids with a Newtonian solvent contribution},
    journal = {Journal of Non-Newtonian Fluid Mechanics},
    volume = {132},
    number = {1},
    pages = {28-35},
    year = {2005},
    issn = {0377-0257},
    doi = {https://doi.org/10.1016/j.jnnfm.2005.08.013},
    url = {https://www.sciencedirect.com/science/article/pii/S0377025705002004},
    author = {D.O.A. Cruz and F.T. Pinho and P.J. Oliveira},
    keywords = {Analytical solution, Pipe flow, Channel flow, Fully developed, PTT, Solvent viscosity, FENE-P, Viscoelastic}
}



@article{Trefethen93,
    author = {Trefethen, N. and Trefethen, A. E. and Reddy, S. C. and Driscoll, T. A.},
    title = {Hydrodynamic stability without eigenvalues},
    journal = {Science},
    year = {1993},
    volume = {261},
    pages = {578--584},
}

@article{Hoda09,
    author = {Hoda, N. and Jovanovic, M. R. and Kumar, S.},
    title = {Frequency responses of streamwise-constant perturbations in channel flows of {O}ldroyd-{B} fluids},
    journal = {Journal of Fluid Mechanics},
    year = {2009},
    volume = {625},
    pages = {411--434},
}

@article{Sureshkumar95,
    author = {Sureshkumar, R. and Beris, A. N.},
    title = {Linear stability analysis of viscoelastic {P}oiseuille flow using an {A}rnoldi-based orthogonalization algorithm},
    journal = {Journal of Non-Newtonian Fluid Mechanics},
    year = {1995},
    volume = {56},
    issue = {2},
    pages = {151--182},
}
